@article{季长清2022基于卷积神经网络的图像分类算法综述,
  title   = {基于卷积神经网络的图像分类算法综述},
  author  = {季长清 and 高志勇 and 秦静 and 汪祖民},
  journal = {计算机应用},
  volume  = {42},
  number  = {4},
  pages   = {1044},
  year    = {2022}
}

@article{杨真真2018基于卷积神经网络的图像分类算法综述,
  title   = {基于卷积神经网络的图像分类算法综述.},
  author  = {杨真真 and 匡楠 and 范露 and 康彬},
  journal = {Journal of Signal Processing},
  volume  = {34},
  number  = {12},
  year    = {2018}
}

@techreport{AJRR2021,
  title       = {American Joint Replacement Registry (AJRR): 2021 Annual Report},
  institution = {American Academy of Orthopaedic Surgeons (AAOS)},
  year        = {2021},
  address     = {Rosemont, IL}
}

@inproceedings{al2020two,
  title        = {A two cascaded network integrating regional-based YOLO and 3D-CNN for cerebral microbleeds detection},
  author       = {Al-Masni, Mohammed A and Kim, Woo-Ram and Kim, Eung Yeop and Noh, Young and Kim, Dong-Hyun},
  booktitle    = {2020 42nd Annual International Conference of the IEEE Engineering in Medicine \& Biology Society (EMBC)},
  pages        = {1055--1058},
  year         = {2020},
  organization = {IEEE}
}

@article{aleksyniene2022role,
  title     = {The role of nuclear medicine imaging with 18F-FDG PET/CT, combined 111In-WBC/99mTc-Nanocoll, and 99mTc-HDP SPECT/CT in the evaluation of patients with chronic problems after TKA or THA in a prospective study},
  author    = {Aleksyniene, Ramune and Iyer, Victor and Bertelsen, Henrik Christian and Nilsson, Majbritt Frost and Khalid, Vesal and Sch{\o}nheyder, Henrik Carl and Larsen, Lone Heimann and Nielsen, Poul Torben and Kappel, Andreas and Thomsen, Trine Rolighed and others},
  journal   = {Diagnostics},
  volume    = {12},
  number    = {3},
  pages     = {681},
  year      = {2022},
  publisher = {MDPI}
}

@article{bhoil2019role,
  title     = {Role of 18F-flurodeoxyglucose in orthopaedic implant-related infection: Review of literature and experience},
  author    = {Bhoil, Amit and Caw, Hendrick and Vinjamuri, Sobhan},
  journal   = {Nuclear Medicine Communications},
  volume    = {40},
  number    = {9},
  pages     = {875--887},
  year      = {2019},
  publisher = {LWW}
}

@article{bochkovskiy2020yolov4,
  title      = {Yolov4: Optimal speed and accuracy of object detection},
  author     = {Bochkovskiy, Alexey and Wang, Chien-Yao and Liao, Hong-Yuan Mark},
  journal    = {CoRR},
  volume     = {abs/2004.10934},
  year       = {2020},
  url        = {http://arxiv.org/abs/2004.10934},
  eprinttype = {arXiv},
  eprint     = {2004.10934}
}

@article{chen2021transunet,
  title      = {Transunet: Transformers make strong encoders for medical image segmentation},
  author     = {Chen, Jieneng and Lu, Yongyi and Yu, Qihang and Luo, Xiangde and Adeli, Ehsan and Wang, Yan and Lu, Le and Yuille, Alan L and Zhou, Yuyin},
  journal    = {CoRR},
  volume     = {abs/2102.04306},
  year       = {2021},
  url        = {http://arxiv.org/abs/2102.04306},
  eprinttype = {arXiv},
  eprint     = {2102.04306}
}

@inproceedings{cheng2017classification,
  title        = {Classification of Alzheimer’s disease by cascaded convolutional neural networks using PET images},
  author       = {Cheng, Danni and Liu, Manhua},
  booktitle    = {Machine Learning in Medical Imaging: 8th International Workshop, MLMI 2017, Held in Conjunction with MICCAI 2017, Quebec City, QC, Canada, September 10, 2017, Proceedings 8},
  pages        = {106--113},
  year         = {2017},
  organization = {Springer}
}

@article{chung2014empirical,
  title      = {Empirical evaluation of gated recurrent neural networks on sequence modeling},
  author     = {Chung, Junyoung and Gulcehre, Caglar and Cho, KyungHyun and Bengio, Yoshua},
  journal    = {CoRR},
  volume     = {abs/1412.3555},
  url        = {http://arxiv.org/abs/1412.3555},
  year       = {2014},
  eprinttype = {arXiv},
  eprint     = {1412.3555}
}

@article{claassen2014preoperative,
  title     = {Preoperative diagnostic for periprosthetic joint infection prior to total knee revision arthroplasty},
  author    = {Claassen, Leif and Radtke, Kerstin and Ettinger, Max and Plaass, Christian and von Lewinski, Gabriela},
  journal   = {Orthopedic Reviews},
  volume    = {6},
  number    = {3},
  year      = {2014},
  publisher = {Open Medical Publishing}
}

@book{de2021vertebrate,
  title     = {Vertebrate skeletal histology and paleohistology},
  author    = {de Buffr{\'e}nil, Vivian and de Ricql{\`e}s, Armand J and Zylberberg, Louise and Padian, Kevin},
  year      = {2021},
  publisher = {crc Press}
}

@inproceedings{deng2009imagenet,
  title        = {Imagenet: A large-scale hierarchical image database},
  author       = {Deng, Jia and Dong, Wei and Socher, Richard and Li, Li-Jia and Li, Kai and Fei-Fei, Li},
  booktitle    = {2009 IEEE conference on computer vision and pattern recognition},
  pages        = {248--255},
  year         = {2009},
  organization = {Ieee}
}

@article{dosovitskiy2020image,
  title      = {An image is worth 16x16 words: Transformers for image recognition at scale},
  author     = {Dosovitskiy, Alexey and Beyer, Lucas and Kolesnikov, Alexander and Weissenborn, Dirk and Zhai, Xiaohua and Unterthiner, Thomas and Dehghani, Mostafa and Minderer, Matthias and Heigold, Georg and Gelly, Sylvain and others},
  journal    = {CoRR},
  volume     = {abs/2010.11929},
  year       = {2020},
  url        = {http://arxiv.org/abs/2010.11929},
  eprinttype = {arXiv},
  eprint     = {2010.11929}
}

@article{etkin2017american,
  title     = {The American joint replacement registry—the first 5 years},
  author    = {Etkin, Caryn D and Springer, Bryan D},
  journal   = {Arthroplasty today},
  volume    = {3},
  number    = {2},
  pages     = {67--69},
  year      = {2017},
  publisher = {Elsevier}
}

@article{fink2013high,
  title     = {High diagnostic value of synovial biopsy in periprosthetic joint infection of the hip},
  author    = {Fink, Bernd and Gebhard, Alexander and Fuerst, Martin and Berger, Irina and Sch{\"a}fer, Peter},
  journal   = {Clinical Orthopaedics and Related Research{\textregistered}},
  volume    = {471},
  pages     = {956--964},
  year      = {2013},
  publisher = {Springer}
}

@article{fink2018preoperative,
  title     = {Preoperative PCR analysis of synovial fluid has limited value for the diagnosis of periprosthetic joint infections of total knee arthroplasties},
  author    = {Fink, Bernd and Steurer, Markus and Hof{\"a}cker, Sigrid and Sch{\"a}fer, Peter and Sandow, Dieter and Schuster, Philipp and Oremek, Damian},
  journal   = {Archives of Orthopaedic and Trauma Surgery},
  volume    = {138},
  number    = {6},
  pages     = {871--878},
  year      = {2018},
  publisher = {Springer}
}

@article{fu1976pattern,
  title     = {Pattern recognition and image processing},
  author    = {Fu, King-Sun and others},
  journal   = {IEEE transactions on computers},
  volume    = {100},
  number    = {12},
  pages     = {1336--1346},
  year      = {1976},
  publisher = {IEEE}
}

@inproceedings{ge2021ota,
  title     = {Ota: Optimal transport assignment for object detection},
  author    = {Ge, Zheng and Liu, Songtao and Li, Zeming and Yoshie, Osamu and Sun, Jian},
  booktitle = {Proceedings of the IEEE/CVF Conference on Computer Vision and Pattern Recognition},
  pages     = {303--312},
  year      = {2021}
}

@article{ge2021yolox,
  title      = {Yolox: Exceeding yolo series in 2021},
  author     = {Ge, Zheng and Liu, Songtao and Wang, Feng and Li, Zeming and Sun, Jian},
  journal    = {CoRR},
  volume     = {abs/2107.08430},
  year       = {2021},
  url        = {http://arxiv.org/abs/2107.08430},
  eprinttype = {arXiv},
  eprint     = {2107.08430}
}

@article{gholamrezanezhad2018clinical,
  title     = {Clinical nononcologic applications of PET/CT and PET/MRI in musculoskeletal, orthopedic, and rheumatologic imaging},
  author    = {Gholamrezanezhad, Ali and Basques, Kyle and Batouli, Ali and Matcuk, George and Alavi, Abass and Jadvar, Hossein},
  journal   = {AJR. American journal of roentgenology},
  volume    = {210},
  number    = {6},
  pages     = {W245},
  year      = {2018},
  publisher = {NIH Public Access}
}

@inproceedings{girshick2014rich,
  title     = {Rich feature hierarchies for accurate object detection and semantic segmentation},
  author    = {Girshick, Ross and Donahue, Jeff and Darrell, Trevor and Malik, Jitendra},
  booktitle = {Proceedings of the IEEE conference on computer vision and pattern recognition},
  pages     = {580--587},
  year      = {2014}
}

@inproceedings{girshick2015fast,
  title     = {Fast r-cnn},
  author    = {Girshick, Ross},
  booktitle = {Proceedings of the IEEE international conference on computer vision},
  pages     = {1440--1448},
  year      = {2015}
}

@article{govaert2020diagnosing,
  title     = {Diagnosing fracture-related infection: current concepts and recommendations},
  author    = {Govaert, Geertje AM and Kuehl, Richard and Atkins, Bridget L and Trampuz, Andrej and Morgenstern, Mario and Obremskey, William T and Verhofstad, Michael HJ and McNally, Martin A and Metsemakers, Willem-Jan},
  journal   = {Journal of orthopaedic trauma},
  volume    = {34},
  number    = {1},
  pages     = {8},
  year      = {2020},
  publisher = {Wolters Kluwer Health}
}

@article{graves2013generating,
  author     = {Alex Graves},
  title      = {Generating Sequences With Recurrent Neural Networks},
  journal    = {CoRR},
  volume     = {abs/1308.0850},
  year       = {2013},
  url        = {http://arxiv.org/abs/1308.0850},
  eprinttype = {arXiv},
  eprint     = {1308.0850},
  timestamp  = {Mon, 13 Aug 2018 16:47:21 +0200},
  biburl     = {https://dblp.org/rec/journals/corr/Graves13.bib},
  bibsource  = {dblp computer science bibliography, https://dblp.org}
}

@inproceedings{guo2003knn,
  title        = {KNN model-based approach in classification},
  author       = {Guo, Gongde and Wang, Hui and Bell, David and Bi, Yaxin and Greer, Kieran},
  booktitle    = {On The Move to Meaningful Internet Systems 2003: CoopIS, DOA, and ODBASE: OTM Confederated International Conferences, CoopIS, DOA, and ODBASE 2003, Catania, Sicily, Italy, November 3-7, 2003. Proceedings},
  pages        = {986--996},
  year         = {2003},
  organization = {Springer}
}

@article{han2021transformer,
  title   = {Transformer in transformer},
  author  = {Han, Kai and Xiao, An and Wu, Enhua and Guo, Jianyuan and Xu, Chunjing and Wang, Yunhe},
  journal = {Advances in Neural Information Processing Systems},
  volume  = {34},
  pages   = {15908--15919},
  year    = {2021}
}

@article{harris2020array,
  title     = {Array programming with NumPy},
  author    = {Harris, Charles R and Millman, K Jarrod and Van Der Walt, St{\'e}fan J and Gommers, Ralf and Virtanen, Pauli and Cournapeau, David and Wieser, Eric and Taylor, Julian and Berg, Sebastian and Smith, Nathaniel J and others},
  journal   = {Nature},
  volume    = {585},
  number    = {7825},
  pages     = {357--362},
  year      = {2020},
  publisher = {Nature Publishing Group UK London}
}

@article{he2015spatial,
  title     = {Spatial pyramid pooling in deep convolutional networks for visual recognition},
  author    = {He, Kaiming and Zhang, Xiangyu and Ren, Shaoqing and Sun, Jian},
  journal   = {IEEE transactions on pattern analysis and machine intelligence},
  volume    = {37},
  number    = {9},
  pages     = {1904--1916},
  year      = {2015},
  publisher = {IEEE}
}

@inproceedings{he2016deep,
  title     = {Deep residual learning for image recognition},
  author    = {He, Kaiming and Zhang, Xiangyu and Ren, Shaoqing and Sun, Jian},
  booktitle = {Proceedings of the IEEE conference on computer vision and pattern recognition},
  pages     = {770--778},
  year      = {2016}
}

@article{hesterberg2011bootstrap,
  title     = {Bootstrap},
  author    = {Hesterberg, Tim},
  journal   = {Wiley Interdisciplinary Reviews: Computational Statistics},
  volume    = {3},
  number    = {6},
  pages     = {497--526},
  year      = {2011},
  publisher = {Wiley Online Library}
}

@inproceedings{hu2018squeeze,
  title     = {Squeeze-and-excitation networks},
  author    = {Hu, Jie and Shen, Li and Sun, Gang},
  booktitle = {Proceedings of the IEEE conference on computer vision and pattern recognition},
  pages     = {7132--7141},
  year      = {2018}
}

@inproceedings{huang2017densely,
  title     = {Densely connected convolutional networks},
  author    = {Huang, Gao and Liu, Zhuang and Van Der Maaten, Laurens and Weinberger, Kilian Q},
  booktitle = {Proceedings of the IEEE conference on computer vision and pattern recognition},
  pages     = {4700--4708},
  year      = {2017}
}

@inproceedings{huang2020unet,
  title        = {Unet 3+: A full-scale connected unet for medical image segmentation},
  author       = {Huang, Huimin and Lin, Lanfen and Tong, Ruofeng and Hu, Hongjie and Zhang, Qiaowei and Iwamoto, Yutaro and Han, Xianhua and Chen, Yen-Wei and Wu, Jian},
  booktitle    = {ICASSP 2020-2020 IEEE international conference on acoustics, speech and signal processing (ICASSP)},
  pages        = {1055--1059},
  year         = {2020},
  organization = {IEEE}
}

@article{huang2022isa,
  title     = {ISA-Net: Improved spatial attention network for PET-CT tumor segmentation},
  author    = {Huang, Zhengyong and Zou, Sijuan and Wang, Guoshuai and Chen, Zixiang and Shen, Hao and Wang, Haiyan and Zhang, Na and Zhang, Lu and Yang, Fan and Wang, Haining and others},
  journal   = {Computer Methods and Programs in Biomedicine},
  volume    = {226},
  pages     = {107129},
  year      = {2022},
  publisher = {Elsevier}
}

@inproceedings{ioffe2015batch,
  title        = {Batch normalization: Accelerating deep network training by reducing internal covariate shift},
  author       = {Ioffe, Sergey and Szegedy, Christian},
  booktitle    = {International conference on machine learning},
  pages        = {448--456},
  year         = {2015},
  organization = {pmlr}
}

@article{jocher2020yolov5,
  title   = {YOLOv5 https://github. com/ultralytics/yolov5},
  author  = {Jocher, Glenn and Nishimura, K and Minerva, T and Vilari{\~n}o, R},
  journal = {Accessed March},
  volume  = {7},
  pages   = {2021},
  year    = {2020}
}

@article{kamath2015quantifying,
  title     = {Quantifying the burden of revision total joint arthroplasty for periprosthetic infection},
  author    = {Kamath, Atul F and Ong, Kevin L and Lau, Edmund and Chan, Vanessa and Vail, Thomas P and Rubash, Harry E and Berry, Daniel J and Bozic, Kevin J},
  journal   = {The Journal of arthroplasty},
  volume    = {30},
  number    = {9},
  pages     = {1492--1497},
  year      = {2015},
  publisher = {Elsevier}
}

@article{khagi2020cnn,
  author   = {Khagi, Bijen and Kwon, Goo-Rak},
  journal  = {IEEE Access},
  title    = {3D CNN Design for the Classification of Alzheimer’s Disease Using Brain MRI and PET},
  year     = {2020},
  volume   = {8},
  pages    = {217830-217847},
  keywords = {Magnetic resonance imaging;Three-dimensional displays;Feature extraction;Computer architecture;Neurons;Two dimensional displays;Brain;3D CNN;CNN architecture;Alzheimer’s disease;reception area;feature redundancy;data size;MRI classification},
  doi      = {10.1109/ACCESS.2020.3040486}
}

@article{krizhevsky2012imagenet,
  title   = {Imagenet classification with deep convolutional neural networks},
  author  = {Krizhevsky, Alex and Sutskever, Ilya and Hinton, Geoffrey E},
  journal = {Advances in neural information processing systems},
  volume  = {25},
  year    = {2012}
}

@article{ktistakis2014infection,
  title     = {Infection rates after open tibial fractures: are they decreasing?},
  author    = {Ktistakis, Ioannis and Giannoudi, Marilena and Giannoudis, Peter V},
  journal   = {Injury},
  volume    = {45},
  number    = {7},
  pages     = {1025--1027},
  year      = {2014},
  publisher = {Elsevier}
}

@article{kumar2016comparative,
  title     = {Comparative analysis of dual-phase 18F-fluoride PET/CT and three phase bone scintigraphy in the evaluation of septic (or painful) hip prostheses: A prospective study},
  author    = {Kumar, Rajender and Kumar, Rakesh and Kumar, Vijay and Malhotra, Rajesh},
  journal   = {Journal of Orthopaedic Science},
  volume    = {21},
  number    = {2},
  pages     = {205--210},
  year      = {2016},
  publisher = {Elsevier}
}

@article{lachenbruch2014mcnemar,
  title     = {McNemar test},
  author    = {Lachenbruch, Peter A},
  journal   = {Wiley StatsRef: Statistics Reference Online},
  year      = {2014},
  publisher = {Wiley Online Library}
}

@article{lecun1998gradient,
  title     = {Gradient-based learning applied to document recognition},
  author    = {LeCun, Yann and Bottou, L{\'e}on and Bengio, Yoshua and Haffner, Patrick},
  journal   = {Proceedings of the IEEE},
  volume    = {86},
  number    = {11},
  pages     = {2278--2324},
  year      = {1998},
  publisher = {Ieee}
}

@incollection{lee2021dual,
  title     = {Dual-path connected CNN for tumor segmentation of combined PET-CT images and application to survival risk prediction},
  author    = {Lee, Jiyeon and Kang, Jimin and Shin, Emily Yunha and Kim, Regina EY and Lee, Minho},
  booktitle = {3D Head and Neck Tumor Segmentation in PET/CT Challenge},
  pages     = {248--256},
  year      = {2021},
  publisher = {Springer}
}

@article{lee2021performance,
  title     = {Performance evaluation in [18F] Florbetaben brain PET images classification using 3D Convolutional Neural Network},
  author    = {Lee, Seung-Yeon and Kang, Hyeon and Jeong, Jong-Hun and Kang, Do-young},
  journal   = {Plos one},
  volume    = {16},
  number    = {10},
  pages     = {e0258214},
  year      = {2021},
  publisher = {Public Library of Science San Francisco, CA USA}
}

@article{lemans2019diagnostic,
  title     = {The diagnostic accuracy of 18 F-FDG PET/CT in diagnosing fracture-related infections},
  author    = {Lemans, Justin VC and Hobbelink, Monique GG and IJpma, Frank FA and Plate, Joost DJ and van den Kieboom, Janna and Bosch, Paul and Leenen, Luke PH and Kruyt, Moyo C and Glaudemans, Andor WJM and Govaert, Geertje AM},
  journal   = {European Journal of Nuclear Medicine and Molecular Imaging},
  volume    = {46},
  pages     = {999--1008},
  year      = {2019},
  publisher = {Springer}
}

@inproceedings{li2019mvp,
  title        = {MVP-Net: multi-view FPN with position-aware attention for deep universal lesion detection},
  author       = {Li, Zihao and Zhang, Shu and Zhang, Junge and Huang, Kaiqi and Wang, Yizhou and Yu, Yizhou},
  booktitle    = {Medical Image Computing and Computer Assisted Intervention--MICCAI 2019: 22nd International Conference, Shenzhen, China, October 13--17, 2019, Proceedings, Part VI 22},
  pages        = {13--21},
  year         = {2019},
  organization = {Springer}
}

@inproceedings{lin2017focal,
  title     = {Focal loss for dense object detection},
  author    = {Lin, Tsung-Yi and Goyal, Priya and Girshick, Ross and He, Kaiming and Doll{\'a}r, Piotr},
  booktitle = {Proceedings of the IEEE international conference on computer vision},
  pages     = {2980--2988},
  year      = {2017}
}

@article{liu2018classification,
  title     = {Classification of Alzheimer’s disease by combination of convolutional and recurrent neural networks using FDG-PET images},
  author    = {Liu, Manhua and Cheng, Danni and Yan, Weiwu and Alzheimer’s Disease Neuroimaging Initiative},
  journal   = {Frontiers in neuroinformatics},
  volume    = {12},
  pages     = {35},
  year      = {2018},
  publisher = {Frontiers Media SA}
}

@article{liu2018large,
  title   = {Large-scale celebfaces attributes (celeba) dataset},
  author  = {Liu, Ziwei and Luo, Ping and Wang, Xiaogang and Tang, Xiaoou},
  journal = {Retrieved August},
  volume  = {15},
  number  = {2018},
  pages   = {11},
  year    = {2018}
}

@inproceedings{liu2018path,
  title     = {Path aggregation network for instance segmentation},
  author    = {Liu, Shu and Qi, Lu and Qin, Haifang and Shi, Jianping and Jia, Jiaya},
  booktitle = {Proceedings of the IEEE conference on computer vision and pattern recognition},
  pages     = {8759--8768},
  year      = {2018}
}

@inproceedings{liu2021swin,
  title     = {Swin transformer: Hierarchical vision transformer using shifted windows},
  author    = {Liu, Ze and Lin, Yutong and Cao, Yue and Hu, Han and Wei, Yixuan and Zhang, Zheng and Lin, Stephen and Guo, Baining},
  booktitle = {Proceedings of the IEEE/CVF international conference on computer vision},
  pages     = {10012--10022},
  year      = {2021}
}

@inproceedings{liu2022convnet,
  title     = {A convnet for the 2020s},
  author    = {Liu, Zhuang and Mao, Hanzi and Wu, Chao-Yuan and Feichtenhofer, Christoph and Darrell, Trevor and Xie, Saining},
  booktitle = {Proceedings of the IEEE/CVF conference on computer vision and pattern recognition},
  pages     = {11976--11986},
  year      = {2022}
}

@article{liu2022diagnosis,
  title     = {Diagnosis of Alzheimer’s disease via an attention-based multi-scale convolutional neural network},
  author    = {Liu, Zhenbing and Lu, Haoxiang and Pan, Xipeng and Xu, Mingchang and Lan, Rushi and Luo, Xiaonan},
  journal   = {Knowledge-Based Systems},
  volume    = {238},
  pages     = {107942},
  year      = {2022},
  publisher = {Elsevier}
}

@article{malhotra2014open,
  title     = {Open extremity fractures: impact of delay in operative debridement and irrigation},
  author    = {Malhotra, Ajai Kumar and Goldberg, Stephanie and Graham, Jeffery and Malhotra, Nancy R and Willis, Mark C and Mounasamy, Varatharaj and Guilford, Kelly and Duane, Therese M and Aboutanos, Michel B and Mayglothling, Julie and others},
  journal   = {Journal of Trauma and Acute Care Surgery},
  volume    = {76},
  number    = {5},
  pages     = {1201--1207},
  year      = {2014},
  publisher = {LWW}
}

@article{mcnally2021ebjis,
  title     = {The EBJIS definition of periprosthetic joint infection: a practical guide for clinicians},
  author    = {McNally, Martin and Sousa, Ricardo and Wouthuyzen-Bakker, Marjan and Chen, Antonia F and Soriano, Alex and Vogely, H Charles and Clauss, Martin and Higuera, Carlos A and Treb{\v{s}}e, Rihard},
  journal   = {The bone \& joint journal},
  volume    = {103},
  number    = {1},
  pages     = {18--25},
  year      = {2021},
  publisher = {Bone \& Joint}
}

@article{meermans2010there,
  title     = {Is there a role for tissue biopsy in the diagnosis of periprosthetic infection?},
  author    = {Meermans, Geert and Haddad, Fares S},
  journal   = {Clinical Orthopaedics and Related Research{\textregistered}},
  volume    = {468},
  pages     = {1410--1417},
  year      = {2010},
  publisher = {Springer}
}

@inproceedings{mei2021yolo,
  title        = {YOLO-lung: a practical detector based on imporved YOLOv4 for Pulmonary Nodule Detection},
  author       = {Mei, Sen and Jiang, HuiQin and Ma, Ling},
  booktitle    = {2021 14th International Congress on Image and Signal Processing, BioMedical Engineering and Informatics (CISP-BMEI)},
  pages        = {1--6},
  year         = {2021},
  organization = {IEEE}
}

@article{memory2010long,
  title   = {Long short-term memory},
  author  = {Memory, Long Short-Term},
  journal = {Neural computation},
  volume  = {9},
  number  = {8},
  pages   = {1735--1780},
  year    = {2010}
}

@article{metsemakers2017infection,
  title     = {Infection after fracture fixation of the tibia: analysis of healthcare utilization and related costs},
  author    = {Metsemakers, Willem-Jan and Smeets, Bart and Nijs, Stefaan and Hoekstra, Harm},
  journal   = {Injury},
  volume    = {48},
  number    = {6},
  pages     = {1204--1210},
  year      = {2017},
  publisher = {Elsevier}
}

@article{mildenberger2002introduction,
  title     = {Introduction to the DICOM standard},
  author    = {Mildenberger, Peter and Eichelberg, Marco and Martin, Eric},
  journal   = {European radiology},
  volume    = {12},
  pages     = {920--927},
  year      = {2002},
  publisher = {Springer}
}

@article{misra2019mish,
  title      = {Mish: A self regularized non-monotonic activation function},
  author     = {Misra, Diganta},
  journal    = {CoRR},
  volume     = {abs/1908.08681},
  year       = {2019},
  url        = {http://arxiv.org/abs/1908.08681},
  eprinttype = {arXiv},
  eprint     = {1908.08681}
}

@incollection{morgan2021bone,
  title     = {The bone organ system: form and function},
  author    = {Morgan, Elise F and Gerstenfeld, Louis C},
  booktitle = {Marcus and Feldman's Osteoporosis},
  pages     = {15--35},
  year      = {2021},
  publisher = {Elsevier}
}

@article{niccoli2017bone,
  title     = {Bone scan in painful knee arthroplasty: obsolete or actual examination?},
  author    = {Niccoli, Giuseppe and Mercurio, Domenico and Cortese, Fabrizio},
  journal   = {Acta Bio Medica: Atenei Parmensis},
  volume    = {88},
  number    = {Suppl 2},
  pages     = {68},
  year      = {2017},
  publisher = {Mattioli 1885}
}

@article{nie2023artificial,
  title     = {An artificial intelligence framework for the diagnosis of prosthetic joint infection based on 99mTc-MDP dynamic bone scintigraphy},
  author    = {Nie, Liangbing and Sun, Zhenkui and Shan, Fengling and Li, Chengfan and Ding, Xuehai and Shen, Chentian},
  journal   = {European Radiology},
  pages     = {1--10},
  year      = {2023},
  publisher = {Springer}
}

@article{oktay2018attention,
  title      = {Attention u-net: Learning where to look for the pancreas},
  author     = {Oktay, Ozan and Schlemper, Jo and Folgoc, Loic Le and Lee, Matthew and Heinrich, Mattias and Misawa, Kazunari and Mori, Kensaku and McDonagh, Steven and Hammerla, Nils Y and Kainz, Bernhard and others},
  journal    = {CoRR},
  volume     = {abs/1804.03999},
  year       = {2018},
  url        = {http://arxiv.org/abs/1804.03999},
  eprinttype = {arXiv},
  eprint     = {1804.03999}
}

@article{parvizi2012mark,
  title     = {Mark B. Coventry Award: synovial C-reactive protein: a prospective evaluation of a molecular marker for periprosthetic knee joint infection},
  author    = {Parvizi, Javad and Jacovides, Christina and Adeli, Bahar and Am Jung, Kwang and Hozack, William J},
  journal   = {Clinical Orthopaedics and Related Research{\textregistered}},
  volume    = {470},
  number    = {1},
  pages     = {54--60},
  year      = {2012},
  publisher = {LWW}
}

@article{paul20142013,
  title     = {The 2013 Frank Stinchfield Award: diagnosis of infection in the early postoperative period after total hip arthroplasty},
  author    = {Paul, H Yi and Cross, Michael B and Moric, Mario and Sporer, Scott M and Berger, Richard A and Della Valle, Craig J},
  journal   = {Clinical Orthopaedics and Related Research{\textregistered}},
  volume    = {472},
  number    = {2},
  pages     = {424--429},
  year      = {2014},
  publisher = {LWW}
}

@article{premkumar2021projected,
  title     = {Projected economic burden of periprosthetic joint infection of the hip and knee in the United States},
  author    = {Premkumar, Ajay and Kolin, David A and Farley, Kevin X and Wilson, Jacob M and McLawhorn, Alexander S and Cross, Michael B and Sculco, Peter K},
  journal   = {The Journal of arthroplasty},
  volume    = {36},
  number    = {5},
  pages     = {1484--1489},
  year      = {2021},
  publisher = {Elsevier}
}

@inproceedings{redmon2016you,
  title     = {You only look once: Unified, real-time object detection},
  author    = {Redmon, Joseph and Divvala, Santosh and Girshick, Ross and Farhadi, Ali},
  booktitle = {Proceedings of the IEEE conference on computer vision and pattern recognition},
  pages     = {779--788},
  year      = {2016}
}

@inproceedings{redmon2017yolo9000,
  title     = {YOLO9000: better, faster, stronger},
  author    = {Redmon, Joseph and Farhadi, Ali},
  booktitle = {Proceedings of the IEEE conference on computer vision and pattern recognition},
  pages     = {7263--7271},
  year      = {2017}
}

@article{redmon2018yolov3,
  title      = {Yolov3: An incremental improvement},
  author     = {Redmon, Joseph and Farhadi, Ali},
  journal    = {CoRR},
  volume     = {abs/1804.02767},
  year       = {2018},
  url        = {http://arxiv.org/abs/1804.02767},
  eprinttype = {arXiv},
  eprint     = {1804.02767}
}

@article{ren2015faster,
  title   = {Faster r-cnn: Towards real-time object detection with region proposal networks},
  author  = {Ren, Shaoqing and He, Kaiming and Girshick, Ross and Sun, Jian},
  journal = {Advances in neural information processing systems},
  volume  = {28},
  year    = {2015}
}

@inproceedings{ronneberger2015u,
  title        = {U-net: Convolutional networks for biomedical image segmentation},
  author       = {Ronneberger, Olaf and Fischer, Philipp and Brox, Thomas},
  booktitle    = {Medical Image Computing and Computer-Assisted Intervention--MICCAI 2015: 18th International Conference, Munich, Germany, October 5-9, 2015, Proceedings, Part III 18},
  pages        = {234--241},
  year         = {2015},
  organization = {Springer}
}

@article{schauwecker1992scintigraphic,
  title     = {The scintigraphic diagnosis of osteomyelitis.},
  author    = {Schauwecker, Donald S},
  journal   = {AJR. American journal of roentgenology},
  volume    = {158},
  number    = {1},
  pages     = {9--18},
  year      = {1992},
  publisher = {Am Roentgen Ray Soc}
}

@article{sconfienza2019diagnosis,
  title     = {Diagnosis of peripheral bone and prosthetic joint infections: overview on the consensus documents by the EANM, EBJIS, and ESR (with ESCMID endorsement)},
  author    = {Sconfienza, Luca Maria and Signore, Alberto and Cassar-Pullicino, Victor and Cataldo, Maria Adriana and Gheysens, Olivier and Borens, Olivier and Trampuz, Andrej and W{\"o}rtler, Klaus and Petrosillo, Nicola and Winkler, Heinz and others},
  journal   = {European radiology},
  volume    = {29},
  pages     = {6425--6438},
  year      = {2019},
  publisher = {Springer}
}

@inproceedings{selvaraju2017grad,
  title     = {Grad-cam: Visual explanations from deep networks via gradient-based localization},
  author    = {Selvaraju, Ramprasaath R and Cogswell, Michael and Das, Abhishek and Vedantam, Ramakrishna and Parikh, Devi and Batra, Dhruv},
  booktitle = {Proceedings of the IEEE international conference on computer vision},
  pages     = {618--626},
  year      = {2017}
}

@article{shi2015convolutional,
  title   = {Convolutional LSTM network: A machine learning approach for precipitation nowcasting},
  author  = {Shi, Xingjian and Chen, Zhourong and Wang, Hao and Yeung, Dit-Yan and Wong, Wai-Kin and Woo, Wang-chun},
  journal = {Advances in neural information processing systems},
  volume  = {28},
  year    = {2015}
}

@article{Simonyan2014VeryDC,
  title   = {Very Deep Convolutional Networks for Large-Scale Image Recognition},
  author  = {Karen Simonyan and Andrew Zisserman},
  journal = {CoRR},
  year    = {2014},
  volume  = {abs/1409.1556},
  url     = {https://api.semanticscholar.org/CorpusID:14124313}
}

@article{srivastava2014dropout,
  title     = {Dropout: a simple way to prevent neural networks from overfitting},
  author    = {Srivastava, Nitish and Hinton, Geoffrey and Krizhevsky, Alex and Sutskever, Ilya and Salakhutdinov, Ruslan},
  journal   = {The journal of machine learning research},
  volume    = {15},
  number    = {1},
  pages     = {1929--1958},
  year      = {2014},
  publisher = {JMLR. org}
}

@article{suthaharan2016decision,
  title     = {Decision tree learning},
  author    = {Suthaharan, Shan and Suthaharan, Shan},
  journal   = {Machine Learning Models and Algorithms for Big Data Classification: Thinking with Examples for Effective Learning},
  pages     = {237--269},
  year      = {2016},
  publisher = {Springer}
}

@article{suthaharan2016support,
  title     = {Support vector machine},
  author    = {Suthaharan, Shan and Suthaharan, Shan},
  journal   = {Machine learning models and algorithms for big data classification: thinking with examples for effective learning},
  pages     = {207--235},
  year      = {2016},
  publisher = {Springer}
}

@inproceedings{szegedy2015going,
  title     = {Going deeper with convolutions},
  author    = {Szegedy, Christian and Liu, Wei and Jia, Yangqing and Sermanet, Pierre and Reed, Scott and Anguelov, Dragomir and Erhan, Dumitru and Vanhoucke, Vincent and Rabinovich, Andrew},
  booktitle = {Proceedings of the IEEE conference on computer vision and pattern recognition},
  pages     = {1--9},
  year      = {2015}
}

@inproceedings{takahashi2018ricap,
  title        = {Ricap: Random image cropping and patching data augmentation for deep cnns},
  author       = {Takahashi, Ryo and Matsubara, Takashi and Uehara, Kuniaki},
  booktitle    = {Asian conference on machine learning},
  pages        = {786--798},
  year         = {2018},
  organization = {PMLR}
}

@article{takahashi2022deep,
  title     = {Deep learning using multiple degrees of maximum-intensity projection for PET/CT image classification in breast cancer},
  author    = {Takahashi, Kanae and Fujioka, Tomoyuki and Oyama, Jun and Mori, Mio and Yamaga, Emi and Yashima, Yuka and Imokawa, Tomoki and Hayashi, Atsushi and Kujiraoka, Yu and Tsuchiya, Junichi and others},
  journal   = {Tomography},
  volume    = {8},
  number    = {1},
  pages     = {131--141},
  year      = {2022},
  publisher = {MDPI}
}

@inproceedings{tang2018automated,
  title        = {Automated pulmonary nodule detection using 3D deep convolutional neural networks},
  author       = {Tang, Hao and Kim, Daniel R and Xie, Xiaohui},
  booktitle    = {2018 IEEE 15th international symposium on biomedical imaging (ISBI 2018)},
  pages        = {523--526},
  year         = {2018},
  organization = {IEEE}
}

@article{thakore2015surgical,
  title     = {Surgical site infection in orthopedic trauma: a case--control study evaluating risk factors and cost},
  author    = {Thakore, Rachel V and Greenberg, Sarah E and Shi, Hanyuan and Foxx, Alexandra M and Francois, Elvis L and Prablek, Marc A and Nwosu, Samuel K and Archer, Kristin R and Ehrenfeld, Jesse M and Obremskey, William T and others},
  journal   = {Journal of clinical orthopaedics and trauma},
  volume    = {6},
  number    = {4},
  pages     = {220--226},
  year      = {2015},
  publisher = {Elsevier}
}

@inproceedings{tian2019fcos,
  title     = {Fcos: Fully convolutional one-stage object detection},
  author    = {Tian, Zhi and Shen, Chunhua and Chen, Hao and He, Tong},
  booktitle = {Proceedings of the IEEE/CVF international conference on computer vision},
  pages     = {9627--9636},
  year      = {2019}
}

@article{usuelli2019infections,
  title     = {Infections in primary total ankle replacement: anterior approach versus lateral transfibular approach},
  author    = {Usuelli, Federico Giuseppe and Indino, Cristian and Maccario, Camilla and Manzi, Luigi and Liuni, Federico Maria and Vulcano, Ettore},
  journal   = {Foot and Ankle Surgery},
  volume    = {25},
  number    = {1},
  pages     = {19--23},
  year      = {2019},
  publisher = {Elsevier}
}

@article{van2008visualizing,
  title   = {Visualizing data using t-SNE.},
  author  = {Van der Maaten, Laurens and Hinton, Geoffrey},
  journal = {Journal of machine learning research},
  volume  = {9},
  number  = {11},
  year    = {2008}
}

@article{verberne2016accuracy,
  title     = {The accuracy of imaging techniques in the assessment of periprosthetic hip infection: a systematic review and meta-analysis},
  author    = {Verberne, SJ and Raijmakers, PG and Temmerman, OPP},
  journal   = {JBJS},
  volume    = {98},
  number    = {19},
  pages     = {1638--1645},
  year      = {2016},
  publisher = {LWW}
}

@article{vickers2006decision,
  title     = {Decision curve analysis: a novel method for evaluating prediction models},
  author    = {Vickers, Andrew J and Elkin, Elena B},
  journal   = {Medical Decision Making},
  volume    = {26},
  number    = {6},
  pages     = {565--574},
  year      = {2006},
  publisher = {Sage Publications Sage CA: Thousand Oaks, CA}
}

@inproceedings{wang2020cspnet,
  title     = {CSPNet: A new backbone that can enhance learning capability of CNN},
  author    = {Wang, Chien-Yao and Liao, Hong-Yuan Mark and Wu, Yueh-Hua and Chen, Ping-Yang and Hsieh, Jun-Wei and Yeh, I-Hau},
  booktitle = {Proceedings of the IEEE/CVF conference on computer vision and pattern recognition workshops},
  pages     = {390--391},
  year      = {2020}
}

@inproceedings{wang2022maff,
  title     = {MAFF: Multi-scale and self-adaptive attention feature fusion network for pancreatic lesion detection in PET/CT images},
  author    = {Wang, Heng and Wu, Zhongyi and Wang, Fei and Wei, Wenting and Wei, Kezhen and Liu, Zhaobang},
  booktitle = {Proceedings of the 2022 6th International Conference on Electronic Information Technology and Computer Engineering},
  pages     = {1412--1419},
  year      = {2022}
}

@article{wenter2016diagnostic,
  title     = {The diagnostic value of [18 F] FDG PET for the detection of chronic osteomyelitis and implant-associated infection},
  author    = {Wenter, Vera and M{\"u}ller, Jan-Phillip and Albert, Nathalie L and Lehner, Sebastian and Fendler, Wolfgang P and Bartenstein, Peter and Cyran, Clemens C and Friederichs, Jan and Militz, Matthias and Hacker, Marcus and others},
  journal   = {European journal of nuclear medicine and molecular imaging},
  volume    = {43},
  pages     = {749--761},
  year      = {2016},
  publisher = {Springer}
}

@article{yaniv2018simpleitk,
  title     = {SimpleITK image-analysis notebooks: a collaborative environment for education and reproducible research},
  author    = {Yaniv, Ziv and Lowekamp, Bradley C and Johnson, Hans J and Beare, Richard},
  journal   = {Journal of digital imaging},
  volume    = {31},
  number    = {3},
  pages     = {290--303},
  year      = {2018},
  publisher = {Springer}
}

@inproceedings{yiugit2021simple,
  title        = {Simple but effective GRU variants},
  author       = {Yi{\u{g}}it, G{\"u}ls{\"u}m and Amasyali, Mehmet Fatih},
  booktitle    = {2021 international conference on INnovations in intelligent SysTems and applications (INISTA)},
  pages        = {1--6},
  year         = {2021},
  organization = {IEEE}
}

@article{YJTY202304021,
  author  = {李小雷},
  title   = {人工智能在医学影像图像处理中的研究进展},
  journal = {中国医学计算机成像杂志},
  volume  = {29},
  number  = {454-457},
  year    = {2023},
  issn    = {1006-5741},
  doi     = {10.19627/j.cnki.cn31-1700/th.2023.04.001}
}

@article{zhang2017mixup,
  title      = {mixup: Beyond empirical risk minimization},
  author     = {Zhang, Hongyi and Cisse, Moustapha and Dauphin, Yann N and Lopez-Paz, David},
  journal    = {CoRR},
  volume     = {abs/1710.09412},
  year       = {2017},
  url        = {http://arxiv.org/abs/1710.09412},
  eprinttype = {arXiv},
  eprint     = {1710.09412}
}

@article{zhang2021comparative,
  title     = {Comparative diagnostic accuracy of respective nuclear imaging for suspected fracture-related infection: a systematic review and Bayesian network meta-analysis},
  author    = {Zhang, Qingyu and Dong, Jinlei and Shen, Yelong and Yun, Canhua and Zhou, Dongsheng and Liu, Fanxiao},
  journal   = {Archives of Orthopaedic and Trauma Surgery},
  volume    = {141},
  pages     = {1115--1130},
  year      = {2021},
  publisher = {Springer}
}

@article{zhang2021delving,
  title     = {Delving deep into label smoothing},
  author    = {Zhang, Chang-Bin and Jiang, Peng-Tao and Hou, Qibin and Wei, Yunchao and Han, Qi and Li, Zhen and Cheng, Ming-Ming},
  journal   = {IEEE Transactions on Image Processing},
  volume    = {30},
  pages     = {5984--5996},
  year      = {2021},
  publisher = {IEEE}
}

@article{zhang2022temporal,
  title     = {The Temporal Impact of Prosthesis Implantation and Semi-Quantitative Criteria on the Diagnostic Efficacy of Triple-Phase Bone Scanning for Periprosthetic Joint Infection},
  author    = {Zhang, Feiyang and Shen, Chentian and Yu, Jinlong and Chen, Xiaohua and Wang, Qiaojie and Sun, Zhenkui and Shen, Hao},
  journal   = {Orthopaedic Surgery},
  volume    = {14},
  number    = {7},
  pages     = {1438--1446},
  year      = {2022},
  publisher = {Wiley Online Library}
}

@inproceedings{zhou2018unet++,
  title        = {Unet++: A nested u-net architecture for medical image segmentation},
  author       = {Zhou, Zongwei and Rahman Siddiquee, Md Mahfuzur and Tajbakhsh, Nima and Liang, Jianming},
  booktitle    = {Deep Learning in Medical Image Analysis and Multimodal Learning for Clinical Decision Support: 4th International Workshop, DLMIA 2018, and 8th International Workshop, ML-CDS 2018, Held in Conjunction with MICCAI 2018, Granada, Spain, September 20, 2018, Proceedings 4},
  pages        = {3--11},
  year         = {2018},
  organization = {Springer}
}

@article{ZSZD202307032,
  author  = {刘超 and 邱金旭 and 刘世成},
  title   = {人工智能在影像诊断中的应用及研究进展},
  journal = {中国实验诊断学},
  volume  = {27},
  number  = {873-875},
  year    = {2023},
  issn    = {1007-4287},
  doi     = {}
}